%% This BibTeX bibliography file was created using BibDesk.
%% http://bibdesk.sourceforge.net/


%% Created for Minlan Yu at 2014-01-26 23:03:32 -0800


%% Saved with string encoding Unicode (UTF-8)


@string{cacm = {Communications of the {ACM}}}

@string{ccr = {ACM Computer Communication Review}}

@string{crypto00 = {Advances in cryptology, CRYPTO '00}}

@string{crypto01 = {Advances in cryptology, CRYPTO '01}}

@string{crypto84 = {Advances in cryptology, CRYPTO '84}}

@string{crypto89 = {Advances in cryptology, CRYPTO '89}}

@string{crypto92 = {Advances in cryptology, CRYPTO '92}}

@string{crypto93 = {Advances in cryptology, CRYPTO '93}}

@string{crypto94 = {Advances in cryptology, CRYPTO '94}}

@string{crypto95 = {Advances in cryptology, CRYPTO '95}}

@string{crypto96 = {Advances in cryptology, CRYPTO '96}}

@string{crypto97 = {Advances in cryptology, CRYPTO '97}}

@string{crypto98 = {Advances in cryptology, CRYPTO '98}}

@string{crypto99 = {Advances in cryptology, CRYPTO '99}}

@string{eurocrypt00 = {Advances in cryptology, EUROCRYPT '00}}

@string{eurocrypt01 = {Advances in cryptology, EUROCRYPT '01}}

@string{eurocrypt02 = {Advances in cryptology, EUROCRYPT '02}}

@string{eurocrypt91 = {Advances in cryptology, EUROCRYPT '91}}

@string{eurocrypt92 = {Advances in cryptology, EUROCRYPT '92}}

@string{eurocrypt93 = {Advances in cryptology, EUROCRYPT '93}}

@string{eurocrypt94 = {Advances in cryptology, EUROCRYPT '94}}

@string{eurocrypt95 = {Advances in cryptology, EUROCRYPT '95}}

@string{eurocrypt96 = {Advances in cryptology, EUROCRYPT '96}}

@string{eurocrypt97 = {Advances in cryptology, EUROCRYPT '97}}

@string{eurocrypt98 = {Advances in cryptology, EUROCRYPT '98}}

@string{eurocrypt99 = {Advances in cryptology, EUROCRYPT '99}}

@string{socc12 = {Proceedings of the Third ACM Symposium on Cloud Computing - SoCC '12}}

@string{socc13 = {Proceedings of the Forth ACM Symposium on Cloud Computing - SoCC '13}}

@string{socc14 = {Proceedings of the Fifth ACM Symposium on Cloud Computing - SoCC '14}}

@string{socc15 = {Proceedings of the Sixth ACM Symposium on Cloud Computing - SoCC '15}}

@string{socc16 = {Proceedings of the Seventh ACM Symposium on Cloud Computing - SoCC '16}}

@string{sosp09 = {Proceedings of the ACM SIGOPS 22nd symposium on Operating systems principles - SOSP '09}}

@string{sosp10 = {Proceedings of the ACM SIGOPS 23nd symposium on Operating systems principles - SOSP '10}}

@string{sosp11 = {Proceedings of the ACM SIGOPS 24nd symposium on Operating systems principles - SOSP '11}}

@string{sosp12 = {Proceedings of the ACM SIGOPS 25nd symposium on Operating systems principles - SOSP '12}}

@string{sosp13 = {Proceedings of the ACM SIGOPS 26nd symposium on Operating systems principles - SOSP '13}}

@string{sosp14 = {Proceedings of the ACM SIGOPS 27nd symposium on Operating systems principles - SOSP '14}}

@string{sosp15 = {Proceedings of the ACM SIGOPS 28nd symposium on Operating systems principles - SOSP '15}}

@string{sosp16 = {Proceedings of the ACM SIGOPS 29nd symposium on Operating systems principles - SOSP '16}}

@string{nsdi09 = {6th USENIX Symposium on Networked Systems Design and Implementation (NSDI '09)}}

@string{nsdi10 = {7th USENIX Symposium on Networked Systems Design and Implementation (NSDI '10)}}

@string{nsdi11 = {8th USENIX Symposium on Networked Systems Design and Implementation (NSDI '11)}}

@string{nsdi12 = {9th USENIX Symposium on Networked Systems Design and Implementation (NSDI '12)}}

@string{nsdi13 = {10th USENIX Symposium on Networked Systems Design and Implementation (NSDI '13)}}

@string{nsdi14 = {11th USENIX Symposium on Networked Systems Design and Implementation (NSDI '14)}}

@string{nsdi15 = {12th USENIX Symposium on Networked Systems Design and Implementation (NSDI '15)}}

@string{nsdi16 = {13th USENIX Symposium on Networked Systems Design and Implementation (NSDI '16)}}

@string{osdi10 = {9th USENIX Symposium on Operating Systems Design and Implementation (OSDI '10)}}

@string{osdi12 = {10th USENIX Symposium on Operating Systems Design and Implementation (OSDI '12)}}

@string{osdi14 = {11th USENIX Symposium on Operating Systems Design and Implementation (OSDI '14)}}

@string{osdi16 = {12th USENIX Symposium on Operating Systems Design and Implementation (OSDI '16)}}

@string{sigmod11 = {Proceedings of the 2011 ACM SIGMOD International Conference on Management of Data - SIGMOD '11}}

@string{sigmod12 = {Proceedings of the 2012 ACM SIGMOD International Conference on Management of Data - SIGMOD '12}}

@string{sigmod13 = {Proceedings of the 2013 ACM SIGMOD International Conference on Management of Data - SIGMOD '13}}

@string{sigmod14 = {Proceedings of the 2014 ACM SIGMOD International Conference on Management of Data - SIGMOD '14}}

@string{sigmod15 = {Proceedings of the 2015 ACM SIGMOD International Conference on Management of Data - SIGMOD '15}}

@string{sigmod16 = {Proceedings of the 2016 ACM SIGMOD International Conference on Management of Data - SIGMOD '16}}

@string{sigcomm08 = {Proceedings of the 2008 ACM Conference on Special Interest Group on Data Communication - SIGCOMM '08}}

@string{sigcomm09 = {Proceedings of the 2009 ACM Conference on Special Interest Group on Data Communication - SIGCOMM '09}}

@string{sigcomm10 = {Proceedings of the 2010 ACM Conference on Special Interest Group on Data Communication - SIGCOMM '10}}

@string{sigcomm11 = {Proceedings of the 2011 ACM Conference on Special Interest Group on Data Communication - SIGCOMM '11}}

@string{sigcomm12 = {Proceedings of the 2012 ACM Conference on Special Interest Group on Data Communication - SIGCOMM '12}}

@string{sigcomm13 = {Proceedings of the 2013 ACM Conference on Special Interest Group on Data Communication - SIGCOMM '13}}

@string{sigcomm14 = {Proceedings of the 2014 ACM Conference on Special Interest Group on Data Communication - SIGCOMM '14}}

@string{sigcomm15 = {Proceedings of the 2015 ACM Conference on Special Interest Group on Data Communication - SIGCOMM '15}}

@string{sigcomm16 = {Proceedings of the 2016 ACM Conference on Special Interest Group on Data Communication - SIGCOMM '16}}

@string{inm = {IEEE Network Magazine}}

@string{itm = {IEEE Transactions on Multimedia}}

@string{jsac = {IEEE Journal of Selected Areas in Communications}}

@string{lncs = {Lecture Notes in Computer Science}}

@string{toc = {IEEE Transactions on Communications}}

@string{tocs = {ACM Transactions on Computer Systems}}

@string{toit = {ACM Transactions on Information Theory}}

@string{ton = {IEEE/ACM Transactions on Networking}}

@string{tose = {ACM Transactions on Software Engineering}}

@string{utcs = {Department of Computer Sciences, The University of Texas}}

@article{bit-weaving,
  title={Bit weaving: A non-prefix approach to compressing packet classifiers in TCAMs},
  author={Meiners, Chad R and Liu, Alex X and Torng, Eric},
  journal={IEEE/ACM Transactions on Networking (ToN)},
  volume={20},
  number={2},
  pages={488--500},
  year={2012},
  publisher={IEEE Press}
}

@article{tcamrazor,
  title={TCAM Razor: A systematic approach towards minimizing packet classifiers in TCAMs},
  author={Liu, Alex X and Meiners, Chad R and Torng, Eric},
  journal={IEEE/ACM Transactions on Networking (TON)},
  volume={18},
  number={2},
  pages={490--500},
  year={2010},
  publisher={IEEE Press}
}

@inproceedings{cacheflow,
  title={Cacheflow: Dependency-aware rule-caching for software-defined networks},
  author={Katta, Naga and Alipourfard, Omid and Rexford, Jennifer and Walker, David},
  booktitle={Proceedings of the Symposium on SDN Research},
  pages={6},
  year={2016},
  organization={ACM}
}

@book{varghese2005network,
  title={Network Algorithmics: an interdisciplinary approach to designing fast networked devices},
  author={Varghese, George},
  year={2005},
  publisher={Morgan Kaufmann}
}

@article{rfc,
  title={Packet classification on multiple fields},
  author={Gupta, Pankaj and McKeown, Nick},
  journal={ACM SIGCOMM Computer Communication Review},
  volume={29},
  number={4},
  pages={147--160},
  year={1999},
  publisher={ACM}
}

@article{scalable-ip-lookup,
 author = {Waldvogel, Marcel and Varghese, George and Turner, Jon and Plattner, Bernhard},
 title = {Scalable High Speed IP Routing Lookups},
 journal = {SIGCOMM Comput. Commun. Rev.},
 issue_date = {Oct. 1997},
 volume = {27},
 number = {4},
 month = oct,
 year = {1997},
 issn = {0146-4833},
 pages = {25--36},
 numpages = {12},
 url = {http://doi.acm.org/10.1145/263109.263136},
 doi = {10.1145/263109.263136},
 acmid = {263136},
 publisher = {ACM},
 address = {New York, NY, USA},
} 


@inproceedings{cross-product,
 author = {Srinivasan, V. and Varghese, G. and Suri, S. and Waldvogel, M.},
 title = {Fast and Scalable Layer Four Switching},
 booktitle = {Proceedings of the ACM SIGCOMM '98 Conference on Applications, Technologies, Architectures, and Protocols for Computer
Communication},
 series = {SIGCOMM '98},
 year = {1998},
 isbn = {1-58113-003-1},
 location = {Vancouver, British Columbia, Canada},
 pages = {191--202},
 numpages = {12},
 url = {http://doi.acm.org/10.1145/285237.285282},
 doi = {10.1145/285237.285282},
 acmid = {285282},
 publisher = {ACM},
 address = {New York, NY, USA},
} 


@INPROCEEDINGS{rsa-iwqos, 
author={Kai Gao and Qiao Xiang and Xin Wang and Y. R. Yang and Jun Bi},
title={NOVA: Towards on-demand equivalent network view abstraction for network optimization}, 
booktitle={IWQoS'17}}
booktitle={2017 IEEE/ACM 25th International Symposium on Quality of Service (IWQoS)}, 
year={2017}, 
volume={}, 
number={}, 
pages={1-10}, 
keywords={cloud computing;optimisation;peer-to-peer computing;quality of service;software defined
networking;NOVA;SDN;bandwidth-sensitive applications;cloud platform;distributed computing platform;end-to-end QoS metrics;global
network optimization;multiflow correlation;network optimization;network performance;on-demand equivalent network view
abstraction;peer-to-peer applications;service provider privacy;software defined
networking;Algebra;Bandwidth;Measurement;Optimization;Privacy;Quality of service;Routing}, 
doi={10.1109/IWQoS.2017.7969117}, 
ISSN={}, 
month={June},}


@inproceedings{rsa-icnp,
  author    = {Kai Gao and
               Chen Gu and
               Qiao Xiang and
               Xin Wang and
               Yang Richard Yang and
               Jun Bi},
  title     = {{ORSAP:} Abstracting routing state on demand},
  booktitle = {24th {IEEE} International Conference on Network Protocols, {ICNP}
               2016, Singapore, November 8-11, 2016},
  pages     = {1--2},
  year      = {2016},
}

@inproceedings{rmt,
  title={Forwarding metamorphosis: Fast programmable match-action processing in
hardware for SDN},
  author={Bosshart, Pat and Gibb, Glen and Kim, Hun-Seok and Varghese, George
and McKeown, Nick and Izzard, Martin and Mujica, Fernando and Horowitz, Mark},
  booktitle={SIGCOMM'14}} Computer Communication Review 2014}},
  volume={43},
  number={4},
  pages={99--110},
  year={2013},
  organization={ACM}
}

@inproceedings{ddp,
  title={DDP: Distributed Network Updates in SDN},
  author={Li, Geng and Qian, Yichen and Zhao, Chenxingyu and Yang, Y Richard and Yang, Tong},
  booktitle={2018 IEEE 38th International Conference on Distributed Computing Systems (ICDCS)},
  pages={1468--1473},
  year={2018},
  organization={IEEE}
}


@inproceedings{snap,
  title={SNAP: Stateful network-wide abstractions for packet processing},
  author={Arashloo, Mina Tahmasbi and Koral, Yaron and Greenberg, Michael and Rexford, Jennifer and Walker, David},
  booktitle={SIGCOMM'16}},
  pages={29--43},
  year={2016},
  organization={ACM}
}

@INPROCEEDINGS{vinod-sdc, 
author={V. Mishra and D. Verma and C. Williams and K. Marcus}, 
booktitle={ICMCIS'17}, 
title={Comparing Software Defined architectures for coalition operations}}, 
year={2017}, 
volume={}, 
number={}, 
pages={1-7}, 
keywords={software defined networking;IT infrastructure;SDC;SDN;coalition
operations;distributed system;software defined architecture;software defined
coalition;software defined networking;Computer
architecture;Context;Government;Interoperability;Software;Software defined
networking;Vehicle dynamics;Coalition Networks;Coalition Operations;SDN;Software
Defined Architectures}, 
doi={10.1109/ICMCIS.2017.7956476}, 
ISSN={}, 
month={May},}

@inproceedings{opensdc,
  title={OpenSDC: A Novel, Generic Datapath for Software Defined Coalitions},
  author={Xiang, Qiao and Le, Franck and Lim, Yeon-Sup and Mishra, Vinod K and Williams, Christopher and Yang, Y Richard and Zhang, Hongwei},
  booktitle={IEEE MILCOM'18}},
  pages={1--6},
  year={2018},
  organization={IEEE}
}


@article{maple,
  title={Maple: Simplifying SDN programming using algorithmic policies},
  author={Voellmy, Andreas and Wang, Junchang and Yang, Y Richard and Ford, Bryan and Hudak, Paul},
  journal={SIGCOMM'13}}
  journal={ACM SIGCOMM Computer Communication Review},
  volume={43},
  number={4},
  pages={87--98},
  year={2013},
  publisher={ACM}
}

@misc{openflow1-4,
	Author = {Open Networking Foundation},
	Howpublished = {Open Networking Foundation (on-line)},
	Month = Oct,
	Title = {OpenFlow Switch Specification 1.4.0},
	Url =
{https://www.opennetworking.org/images/stories/downloads/sdn-resources/onf-specifications/openflow/openflow-spec-v1.4.0.pdf},
	Year = 2013
}

@article{P4,
 author = {Bosshart, Pat and Daly, Dan and Gibb, Glen and Izzard, Martin and McKeown, Nick and Rexford, Jennifer and
Schlesinger, Cole and Talayco, Dan and Vahdat, Amin and Varghese, George and Walker, David},
 title = {P4: Programming Protocol-independent Packet Processors},
 journal = {SIGCOMM Comput. Commun. Rev.'14}},
 issue_date = {July 2014},
 volume = {44},
 number = {3},
 month = jul,
 year = {2014},
 issn = {0146-4833},
 pages = {87--95},
 numpages = {9},
 url = {http://doi.acm.org/10.1145/2656877.2656890},
 doi = {10.1145/2656877.2656890},
 acmid = {2656890},
 publisher = {ACM},
 address = {New York, NY, USA},
 keywords = {p4, protocol-independent, reconfigurability, sdn},
} 


@inproceedings{magellan-poster,
  title={Magellan: Generating Multi-Table Datapath from Datapath Oblivious Algorithmic SDN Policies},
  author={Voellmy, Andreas and Chen, Shenshen and Wang, Xin and Yang, Y Richard},
  booktitle={SIGCOMM'16}}
  booktitle={Proceedings of the 2016 conference on ACM SIGCOMM 2016 Conference},
  pages={593--594},
  year={2016},
  organization={ACM}
}

@inproceedings{hicut,
  title={Packet classification using hierarchical intelligent cuttings},
  author={Gupta, Pankaj and McKeown, Nick},
  booktitle={Hot Interconnects VII},
  volume={40},
  year={1999}
}

@inproceedings{hypercuts,
  title={Packet classification using multidimensional cutting},
  author={Singh, Sumeet and Baboescu, Florin and Varghese, George and Wang, Jia},
  booktitle={Proceedings of the 2003 conference on Applications, technologies, architectures, and protocols for
computer communications},
  pages={213--224},
  year={2003},
  organization={ACM}
}

@article{nick-survey,
  title={Algorithms for packet classification},
  author={Gupta, Pankaj and McKeown, Nick},
  journal={IEEE Network},
  volume={15},
  number={2},
  pages={24--32},
  year={2001},
  publisher={IEEE}
}
@article{mangasarian2012privacy,
  title={Privacy-preserving horizontally partitioned linear programs},
  author={Mangasarian, Olvi L},
  journal={Optimization Letters},
  volume={6},
  number={3},
  pages={431--436},
  year={2012},
  publisher={Springer}
}

@article{feng2007rank,
  title={The rank of a random matrix},
  author={Feng, Xinlong and Zhang, Zhinan},
  journal={Applied mathematics and computation},
  volume={185},
  number={1},
  pages={689--694},
  year={2007},
  publisher={Elsevier}
}

@article{holzman2017hepcloud,
  title={HEPCloud, a New Paradigm for HEP Facilities: CMS Amazon Web Services Investigation},
  author={Holzman, Burt and Bauerdick, Lothar AT and Bockelman, Brian and Dykstra, Dave and Fisk, Ian and Fuess,
Stuart and Garzoglio, Gabriele and Girone, Maria and Gutsche, Oliver and Hufnagel, Dirk and others},
  journal={Computing and Software for Big Science},
  volume={1},
  number={1},
  pages={1},
  year={2017},
  publisher={Springer}
}


@inproceedings{SDX,
        author = "Arpit Gupta and Laurent Vanbever and Muhammad Shahbaz and Sean P. Donovanand Brandon Schlinker and Nick Feamster and Jennifer
Rexford and Scott Shenker and Russ Clark and Ethan Katz-Bassett ",
	booktitle="SIGCOMM'14"}
        booktitle = "Proceedings og SIGCOMM 2014",
        organization = "IEEE",
        pages = "233--239",
        title = "{SDX: A Software Defined Internet Exchange}",
        month = "August",
        year = "2014"
}

@misc{rfc5492,
	series =	{Request for Comments},
	number =	5492,
	howpublished =	{RFC 5492},
	publisher =	{RFC Editor},
	doi =		{10.17487/RFC5492},
	url =		{https://rfc-editor.org/rfc/rfc5492.txt},
        author =	{Ravi Chandra and John Scudder},
	title =		{{Capabilities Advertisement with BGP-4}},
	pagetotal =	7,
	year =		2009,
	month =		feb,
	abstract =	{This document defines an Optional Parameter, called Capabilities, that is expected to
facilitate the introduction of new capabilities in the Border Gateway Protocol (BGP) by providing graceful
capability advertisement without requiring that BGP peering be terminated.},
}

@misc{BGP,
	series =	{Request for Comments},
	number =	4271,
	howpublished =	{RFC 4271},
	publisher =	{RFC Editor},
	doi =		{10.17487/RFC4271},
	url =		{https://rfc-editor.org/rfc/rfc4271.txt},
        author =	{Yakov Rekhter and Susan Hares and Dr. Tony Li},
	title =		{{A Border Gateway Protocol 4 (BGP-4)}},
	pagetotal =	104,
	year =		2006,
	month =		jan,
	abstract =	{This document discusses the Border Gateway Protocol (BGP), which is an inter-Autonomous System routing
protocol.},
}

@inproceedings{mahajan2007mutually,
  title={Mutually Controlled Routing with Independent ISPs.},
  author={Mahajan, Ratul and Wetherall, David and Anderson, Thomas E},
  booktitle={NSDI},
  year={2007}
}

@misc{rfc4760,
	series =	{Request for Comments},
	number =	4760,
	howpublished =	{RFC 4760},
	publisher =	{RFC Editor},
	doi =		{10.17487/RFC4760},
	url =		{https://rfc-editor.org/rfc/rfc4760.txt},
        author =	{Ravi Chandra and Yakov Rekhter and Tony J. Bates and Dave Katz},
	title =		{{Multiprotocol Extensions for BGP-4}},
	pagetotal =	12,
	year =		2007,
	month =		jan,
	abstract =	{This document defines extensions to BGP-4 to enable it to carry routing information for multiple Network
Layer protocols (e.g., IPv6, IPX, L3VPN, etc.). The extensions are backward compatible - a router that supports the extensions can
interoperate with a router that doesn&#39;t support the extensions. [STANDARDS-TRACK]},
}

@misc{rfc5575,
	series =	{Request for Comments},
	number =	5575,
	howpublished =	{RFC 5575},
	publisher =	{RFC Editor},
	doi =		{10.17487/RFC5575},
	url =		{https://rfc-editor.org/rfc/rfc5575.txt},
        author =	{Pedro R. Marques and Jared Mauch and Nischal Sheth and Barry Greene and Robert Raszuk and Danny R.
McPherson},
	title =		{{Dissemination of Flow Specification Rules}},
	pagetotal =	22,
	year =		2009,
	month =		aug,
	abstract =	{This document defines a new Border Gateway Protocol Network Layer Reachability Information (BGP NLRI)
encoding format that can be used to distribute traffic flow specifications. This allows the routing system to propagate information
regarding more specific components of the traffic aggregate defined by an IP destination prefix.},
}


@inproceedings{DRF,
author = {Ghodsi, Ali and Zaharia, Matei and Hindman, Benjamin and Konwinski, Andy and Shenker, Scott and Stoica, Ion},
booktitle = nsdi11,
pages = {323--336},
publisher = {USENIX Association},
title = {{Dominant Resource Fairness : Fair Allocation of Multiple Resource Types Maps Reduces}},
url = {http://dl.acm.org/citation.cfm?id=1972490 http://www.usenix.org/events/nsdi11/tech/full{\_}papers/Ghodsi.pdf},
year = {2011}
}

@inproceedings{HUG,
author = {Chowdhury, Mosharaf and Liu, Zhenhua and Ghodsi, Ali and Stoica, Ion},
booktitle = nsdi16,
isbn = {978-1-931971-29-4},
pages = {407--424},
publisher = {USENIX Association},
title = {{HUG: multi-resource fairness for correlated and elastic demands}},
url = {http://dl.acm.org/citation.cfm?id=2930638},
year = {2016}
}

@inproceedings{Firmament,
author = {Gog, Ionel and Watson, Robert N M and Schwarzkopf, Malte and Gleave, Adam and Hand, Steven},
booktitle = osdi16,
isbn = {978-1-931971-33-1},
keywords = {,Schedule},
pages = {99--115},
publisher = {USENIX},
title = {{Firmament: Fast, Centralized Cluster Scheduling at Scale Firmament: fast, centralized cluster scheduling at scale}},
url = {https://www.usenix.org/system/files/conference/osdi16/osdi16-gog.pdf https://www.usenix.org/conference/osdi16/technical-sessions/presentation/gog},
year = {2016}
}

@inproceedings{ASMC,
author = {Grandl, Robert and Chowdhury, Mosharaf and Akella, Aditya and Ananthanarayanan, Ganesh},
booktitle = osdi16,
isbn = {978-1-931971-33-1},
keywords = {Schedule},
pages = {65--80},
publisher = {USENIX},
title = {{Altruistic Scheduling in Multi-Resource Clusters}},
url = {https://www.usenix.org/conference/osdi16/technical-sessions/presentation/grandl{\_}altruistic https://www.usenix.org/conference/osdi16/technical-sessions/presentation/grandl{\_}altruistic},
year = {2016}
}

@inproceedings{LLGDA,
archivePrefix = {arXiv},
arxivId = {arXiv:1602.05561v1},
author = {Pu, Qifan and Ananthanarayanan, Ganesh and Bodik, Peter and Kandula, Srikanth and Akella, Aditya and Bahl, Paramvir and Stoica, Ion},
booktitle = sigcomm15,
doi = {10.475/123},
eprint = {arXiv:1602.05561v1},
isbn = {9781450335423},
issn = {0146-4833},
keywords = {Schedule,WAN analytics,data analytics,geo-distributed,low latency,network aware},
pages = {421--434},
title = {{Low Latency Geo-distributed Data Analytics}},
url = {http://dl.acm.org/citation.cfm?id=2787505},
year = {2015}
}

@inproceedings{BidCloud,
author = {Zheng, Liang and Joe-Wong, Carlee and Tan, Chee Wei and Chiang, Mung and Wang, Xinyu},
booktitle = sigcomm15,
doi = {10.1145/2785956.2787473},
isbn = {9781450335423},
issn = {01464833},
keywords = {cloud pricing,optimization,spot instance},
pages = {71--84},
title = {{How to Bid the Cloud}},
url = {http://dl.acm.org/citation.cfm?doid=2785956.2787473},
year = {2015}
}

@inproceedings{Quincy,
author = {Isard, Michael and Prabhakaran, Vijayan and Currey, Jon and Wieder, Udi and Talwar, Kunal and Goldberg, Andrew},
booktitle = sosp09,
doi = {10.1145/1629575.1629601},
isbn = {9781605587523},
issn = {978-1-60558-752-3},
keywords = {Design,Performance,Schedule},
number = {November},
pages = {261},
title = {{Quincy: Fair Scheduling for Distributed Computing Clusters}},
url = {http://portal.acm.org/citation.cfm?doid=1629575.1629601},
volume = {16},
year = {2009}
}

@inproceedings{Hung2015,
address = {New York, New York, USA},
author = {Hung, Chien-Chun and Golubchik, Leana and Yu, Minlan},
booktitle = socc15,
doi = {10.1145/2806777.2806780},
isbn = {9781450336512},
pages = {111--124},
publisher = {ACM Press},
title = {{Scheduling jobs across geo-distributed datacenters}},
url = {http://dl.acm.org/citation.cfm?doid=2806777.2806780},
year = {2015}
}

@inproceedings{Vulimiri2015,
author = {Vulimiri, Ashish and Curino, Carlo and Godfrey, P. Brighten and Jungblut, Thomas and Padhye, Jitu and Varghese, George},
booktitle = nsdi15,
isbn = {9781931971218},
pages = {323--336},
publisher = {USENIX Association},
title = {{Global analytics in the face of bandwidth and regulatory constraints}},
year = {2015}
}

@inproceedings{WANalytics,
address = {New York, New York, USA},
author = {Vulimiri, Ashish and Curino, Carlo and Godfrey, Philip Brighten and Jungblut, Thomas and Karanasos, Konstantinos and Padhye, Jitendra and Varghese, George},
booktitle = sigmod15,
doi = {10.1145/2723372.2735365},
isbn = {9781450327589},
pages = {1087--1092},
publisher = {ACM Press},
title = {{WANalytics: Geo-Distributed Analytics for a Data Intensive World}},
url = {http://dl.acm.org/citation.cfm?doid=2723372.2735365},
year = {2015}
}

@inproceedings{JetSteam,
author = {Rabkin, Ariel and Arye, Matvey and San, Siddhartha and Pai, Vivek S. and Freedman, Michael J.},
booktitle = nsdi14,
isbn = {9781931971096},
pages = {275--288},
publisher = {USENIX Association},
title = {{Aggregation and degradation in JetStream: streaming analytics in the wide area}},
url = {http://dl.acm.org/citation.cfm?id=2616474},
year = {2014}
}

@inproceedings{Ousterhout,
  title={Making sense of performance in data analytics frameworks},
  author={Ousterhout, Kay and Rasti, Ryan and Ratnasamy, Sylvia and Shenker, Scott and Chun, Byung-Gon},
  booktitle={12th USENIX Symposium on Networked Systems Design and Implementation (NSDI 15)},
  pages={293--307},
  year={2015}
}

@inproceedings{Dryad,
  title={Dryad: distributed data-parallel programs from sequential building blocks},
  author={Isard, Michael and Budiu, Mihai and Yu, Yuan and Birrell, Andrew and Fetterly, Dennis},
  booktitle={ACM SIGOPS Operating Systems Review},
  volume={41},
  number={3},
  pages={59--72},
  year={2007},
  organization={ACM}
}

@article{classbench,
  title={Classbench: A packet classification benchmark},
  author={Taylor, David E and Turner, Jonathan S},
  journal={IEEE/ACM Transactions on Networking (TON)},
  volume={15},
  number={3},
  pages={499--511},
  year={2007},
  publisher={IEEE Press}
}


@inproceedings{beckett2016don,
  title={Don't mind the gap: Bridging network-wide objectives and device-level configurations},
  author={Beckett, Ryan and Mahajan, Ratul and Millstein, Todd and Padhye, Jitendra and Walker, David},
  booktitle={Proceedings of the 2016 ACM SIGCOMM Conference},
  pages={328--341},
  year={2016},
  organization={ACM}
}

@inproceedings{edgefabric,
  title={Engineering egress with edge fabric: steering oceans of content to the world},
  author={Schlinker, Brandon and Kim, Hyojeong and Cui, Timothy and Katz-Bassett, Ethan and Madhyastha, Harsha V and Cunha, Italo and
Quinn, James and Hasan, Saif and Lapukhov, Petr and Zeng, Hongyi},
  booktitle={SIGCOMM'17}}
  booktitle={Proceedings of the Conference of the ACM Special Interest Group on Data Communication},
  pages={418--431},
  year={2017},
  organization={ACM}
}

@inproceedings{sidr,
  title={SDX-Based Flexibility or Internet Correctness?: Pick Two!},
  author={Birkner, R{\"u}diger and Gupta, Arpit and Feamster, Nick and Vanbever, Laurent},
  booktitle={SOSR'17}}
  booktitle={Proceedings of the Symposium on SDN Research},
  pages={1--7},
  year={2017},
  organization={ACM}
}


@book{lakshminarayanan2004routing,
  title={Routing as a Service},
  author={Lakshminarayanan, Karthik and Stoica, Ion and Shenker, Scott and Rexford, Jennifer},
  year={2004},
  publisher={University of California Berkeley}
}

@inproceedings{kotronis2012outsourcing,
  title={Outsourcing the routing control logic: better internet routing based on SDN principles},
  author={Kotronis, Vasileios and Dimitropoulos, Xenofontas and Ager, Bernhard},
  booktitle={HotNets'12}}
  booktitle={Proceedings of the 11th ACM Workshop on Hot Topics in Networks},
  pages={55--60},
  year={2012},
  organization={ACM}
}

@article{godfrey2009pathlet,
  title={Pathlet routing},
  author={Godfrey, P and Ganichev, Igor and Shenker, Scott and Stoica, Ion},
  journal={ACM SIGCOMM Computer Communication Review},
  volume={39},
  number={4},
  pages={111--122},
  year={2009},
  publisher={ACM}
}

@inproceedings{anand2011xia,
  title={XIA: An architecture for an evolvable and trustworthy Internet},
  author={Anand, Ashok and Dogar, Fahad and Han, Dongsu and Li, Boyan and Lim, Hyeontaek and Machado, Michel and Wu, Wenfei and Akella,
Aditya and Andersen, David G and Byers, John W and others},
  booktitle={Proceedings of the 10th ACM Workshop on Hot Topics in Networks},
  pages={2},
  year={2011},
  organization={ACM}
}

@inproceedings{zhang2011scion,
  title={SCION: Scalability, control, and isolation on next-generation networks},
  author={Zhang, Xin and Hsiao, Hsu-Chun and Hasker, Geoffrey and Chan, Haowen and Perrig, Adrian and Andersen, David G},
  booktitle={Security and Privacy (SP), 2011 IEEE Symposium on},
  pages={212--227},
  year={2011},
  organization={IEEE}
}

@inproceedings{chung2015atlanticwave,
  title={Atlanticwave-sdx: An international sdx to support science data applications},
  author={Chung, Joaqu{\'\i}n and Cox, Jacob and Ibarra, Julio and Bezerra, Jer{\^o}nimo and Morgan, Heidi and Clark, Russell and Owen,
Henry},
  booktitle={Software Defined Networking (SDN) for Scientific Networking Workshop, SC'15},
  pages={1--7},
  year={2015}
}
@article{asharov2017privacy,
  title={Privacy-preserving interdomain routing at Internet scale},
  author={Asharov, Gilad and Demmler, Daniel and Schapira, Michael and Schneider, Thomas and Segev, Gil and Shenker, Scott and Zohner,
Michael},
  journal={Proceedings on Privacy Enhancing Technologies},
  volume={2017},
  number={3},
  pages={147--167},
  year={2017},
  publisher={De Gruyter Open}
}

@inproceedings{chiesa2017sixpack,
  title={SIXPACK: Securing Internet eXchange Points Against Curious onlooKers},
  author={Chiesa, Marco and Demmler, Daniel and Canini, Marco and Schapira, Michael and Schneider, Thomas},
  booktitle={Proceedings of the 13th International Conference on emerging Networking EXperiments and Technologies},
  pages={120--133},
  year={2017},
  organization={ACM}
}



@inproceedings{espresso,
  title={Taking the edge off with espresso: Scale, reliability and programmability for global internet peering},
  author={Yap, Kok-Kiong and Motiwala, Murtaza and Rahe, Jeremy and Padgett, Steve and Holliman, Matthew and Baldus, Gary and Hines,
Marcus and Kim, Taeeun and Narayanan, Ashok and Jain, Ankur and others},
  booktitle={SIGCOMM'17}}
  booktitle={Proceedings of the Conference of the ACM Special Interest Group on Data Communication},
  pages={432--445},
  year={2017},
  organization={ACM}
}

@misc{odl,
  title={The OpenDaylight Project},
  howpublished={\url{https://www.opendaylight.org}}
}

@misc{sdp-tr,
  title={The Dandelion SDC Programming System: Technical Report},
  howpublished={\url{https://www.dropbox.com/sh/xg4kvt6dh04ti86/AAACzDyeGf_EnviRxv-Qzegua?dl=0}}
}


@misc{iana-capability,
  key={iana-cap},
  title={IANA Capability Codes},
  howpublished={\url{https://www.iana.org/assignments/capability-codes/capability-codes.xhtml}}
}

@article{cms,
  title = {{The CMS experiment at the CERN LHC}},
  author = {The CMS Collaboration},
  doi = {10.1088/1748-0221/3/08/S08004},
  isbn = {1748-0221},
  issn = {1748-0221},
  journal = {Journal of Instrumentation},
  number = {08},
  volume = {3},
  year = {2008}
}

@inproceedings{hsa,
  title={Header Space Analysis: Static Checking for Networks.},
  author={Kazemian, Peyman and Varghese, George and McKeown, Nick},
  booktitle={NSDI'16}}
  volume={12},
  pages={113--126},
  year={2012}
}


@misc{cms-dashb,
  key={cms-dashb},
  title={{CMS Task Monitoring}},
  howpublished={\url{http://dashb-cms-job.cern.ch/}}
}

@article{aldecoa2015hyperbolic,
  title={Hyperbolic graph generator},
  author={Aldecoa, Rodrigo and Orsini, Chiara and Krioukov, Dmitri},
  journal={Computer Physics Communications},
  volume={196},
  pages={492--496},
  year={2015},
  publisher={Elsevier}
}

@misc{caida-as,
  key={caida-as},
  title={{The CAIDA AS Relationships Dataset, 2016}},
  howpublished={\url{http://www.caida.org/data/as-relationships/}}
}

@misc{globus-guide,
  editor = {Globus Docs},
  title = {{Globus Connect Server Installation Guide}},
  Howpublished = {\url{https://docs.globus.org/globus-connect-server-installation-guide/#open-tcp-ports_section}},
  lastchecked = {October 13, 2017}
}

@article{caesar2005bgp,
  title={BGP routing policies in ISP networks},
  author={Caesar, Matthew and Rexford, Jennifer},
  journal={IEEE network},
  volume={19},
  number={6},
  pages={5--11},
  year={2005},
  publisher={IEEE}
}

@article{gao2001stable,
  title={Stable Internet routing without global coordination},
  author={Gao, Lixin and Rexford, Jennifer},
  journal={IEEE/ACM Transactions on Networking (TON)},
  year={2001}}
  volume={9},
  number={6},
  pages={681--692},
  year={2001},
  publisher={IEEE Press}
}

@inproceedings{iSDX,
  title={An Industrial-Scale Software Defined Internet Exchange Point.},
  author={Gupta, Arpit and MacDavid, Robert and Birkner, R{\"u}diger and Canini, Marco and Feamster, Nick and Rexford, Jennifer and Vanbever, Laurent},
  booktitle={NSDI},
  volume={16},
  pages={1--14},
  year={2016}
}

@article{ScienceDMZ,
  title={The science dmz: A network design pattern for data-intensive science},
  author={Dart, Eli and Rotman, Lauren and Tierney, Brian and Hester, Mary and Zurawski, Jason},
  journal={Scientific Programming},
  volume={22},
  number={2},
  pages={173--185},
  year={2014},
  publisher={Hindawi}
}

@inproceedings{D-BGP,
  title={Path diversity aware interdomain routing},
  author={Wang, Feng and Gao, Lixin},
  booktitle={INFOCOM 2009, IEEE},
  pages={307--315},
  year={2009},
  organization={IEEE}
}

@inproceedings{R-BGP,
  title={R-BGP: Staying connected in a connected world},
  author={Kushman, Nate and Kandula, Srikanth and Katabi, Dina and Maggs, Bruce M},
  year={2007},
  organization={USENIX}
}

@inproceedings{Swift,
  title={Swift: Predictive fast reroute},
  author={Holterbach, Thomas and Vissicchio, Stefano and Dainotti, Alberto and Vanbever, Laurent},
  booktitle={Proceedings of the 2017 conference on ACM SIGCOMM 2017 Conference},
  pages={460--473},
  year={2017},
  organization={ACM}
}

@inproceedings{wang2007reliability,
  title={Reliability as an interdomain service},
  author={Wang, Hao and Yang, Yang Richard and Liu, Paul H and Wang, Jia and Gerber, Alexandre and Greenberg, Albert},
  booktitle={Proceedings of the 2007 conference on ACM SIGCOMM 2007 Conference},
  volume={37},
  number={4},
  pages={229--240},
  year={2007},
  organization={ACM}
}

@inproceedings{MIRO,
  title={Multi-path Interdomain Routing},
  author={Xu, Wen and Rexford, Jennifer},
  booktitle={In SIGCOMM},
  year={2006},
  organization={Citeseer}
}

@article{zhu2003feedback,
  title={Feedback based routing},
  author={Zhu, Dapeng and Gritter, Mark and Cheriton, David R},
  journal={ACM SIGCOMM Computer Communication Review},
  volume={33},
  number={1},
  pages={71--76},
  year={2003},
  publisher={ACM}
}

@inproceedings{raghavan2004system,
  title={A system for authenticated policy-compliant routing},
  author={Raghavan, Barath and Snoeren, Alex C},
  booktitle={ACM SIGCOMM Computer Communication Review},
  volume={34},
  number={4},
  pages={167--178},
  year={2004},
  organization={ACM}
}

@inproceedings{bailey2014enforcing,
  title={Enforcing rpki-based routing policy on the data plane at an internet exchange},
  author={Bailey, Josh and Pemberton, Dean and Linton, Andy and Pelsser, Cristel and Bush, Randy},
  booktitle={Proceedings of the third workshop on Hot topics in software defined networking},
  pages={211--212},
  year={2014},
  organization={ACM}
}

@inproceedings{stringer2014cardigan,
  title={Cardigan: Sdn distributed routing fabric going live at an internet exchange},
  author={Stringer, Jonathan and Pemberton, Dean and Fu, Qiang and Lorier, Christopher and Nelson, Richard and Bailey, Josh and Corr{\^e}a, Carlos NA and Rothenberg, Christian Esteve},
  booktitle={Computers and Communication (ISCC), 2014 IEEE Symposium on},
  pages={1--7},
  year={2014},
  organization={IEEE}
}


@misc{bgp2017,
  key={bgp2017},
  title={{ISP Column - BGP in 2017}},
  howpublished={\url{https://www.potaroo.net/ispcol/2018-01/bgp2017.html}}
}

@inproceedings{al2010hedera,
  title={Hedera: dynamic flow scheduling for data center networks.},
  author={Al-Fares, Mohammad and Radhakrishnan, Sivasankar and Raghavan, Barath and Huang, Nelson and Vahdat, Amin},
  booktitle={Nsdi},
  volume={10},
  number={8},
  pages={89--92},
  year={2010}
}

@inproceedings{alizadeh2014conga,
  title={CONGA: Distributed congestion-aware load balancing for datacenters},
  author={Alizadeh, Mohammad and Edsall, Tom and Dharmapurikar, Sarang and Vaidyanathan, Ramanan and Chu, Kevin and Fingerhut, Andy and Matus, Francis and Pan, Rong and Yadav, Navindra and Varghese, George and others},
  booktitle={ACM SIGCOMM Computer Communication Review},
  volume={44},
  number={4},
  pages={503--514},
  year={2014},
  organization={ACM}
}

@inproceedings{hong2013achieving,
  title={Achieving high utilization with software-driven WAN},
  author={Hong, Chi-Yao and Kandula, Srikanth and Mahajan, Ratul and Zhang, Ming and Gill, Vijay and Nanduri, Mohan and Wattenhofer, Roger},
  booktitle={ACM SIGCOMM Computer Communication Review},
  volume={43},
  number={4},
  pages={15--26},
  year={2013},
  organization={ACM}
}

@inproceedings{b4,
  title={B4: Experience with a globally-deployed software defined WAN},
  author={Jain, Sushant and Kumar, Alok and Mandal, Subhasree and Ong, Joon and Poutievski, Leon and Singh, Arjun and Venkata, Subbaiah and Wanderer, Jim and Zhou, Junlan and Zhu, Min and others},
  booktitle={ACM SIGCOMM'13}},
  volume={43},
  number={4},
  pages={3--14},
  year={2013},
  organization={ACM}
}

@inproceedings{katta2016hula,
  title={Hula: Scalable load balancing using programmable data planes},
  author={Katta, Naga and Hira, Mukesh and Kim, Changhoon and Sivaraman, Anirudh and Rexford, Jennifer},
  booktitle={Proceedings of the Symposium on SDN Research},
  pages={10},
  year={2016},
  organization={ACM}
}

@inproceedings{arashloo2016snap,
  title={SNAP: Stateful network-wide abstractions for packet processing},
  author={Arashloo, Mina Tahmasbi and Koral, Yaron and Greenberg, Michael and Rexford, Jennifer and Walker, David},
  booktitle={SIGCOMM'16}},
  pages={29--43},
  year={2016},
  organization={ACM}
}

@inproceedings{voellmy2013maple,
  title={Maple: simplifying SDN programming using algorithmic policies},
  author={Voellmy, Andreas and Wang, Junchang and Yang, Y Richard and Ford, Bryan and Hudak, Paul},
  booktitle={ACM SIGCOMM Computer Communication Review},
  volume={43},
  number={4},
  pages={87--98},
  year={2013},
  organization={ACM}
}

@inproceedings{benet2018mp,
  title={MP-HULA: Multipath Transport Aware Load Balancing Using Programmable Data Planes},
  author={Benet, Cristian Hernandez and Kassler, Andreas J and Benson, Theophilus and Pongracz, Gergely},
  booktitle={NET-COMPUTE'18}},
  pages={7--13},
  year={2018},
  organization={ACM}
}

@article{kohler2018p4cep,
  title={P4CEP: Towards In-Network Complex Event Processing},
  author={Kohler, Thomas and Mayer, Ruben and D{\"u}rr, Frank and Maa{\ss}, Marius and Bhowmik, Sukanya and Rothermel, Kurt},
  journal={arXiv preprint arXiv:1806.04385},
  year={2018}
}

@inproceedings{dang2015netpaxos,
  title={Netpaxos: Consensus at network speed},
  author={Dang, Huynh Tu and Sciascia, Daniele and Canini, Marco and Pedone, Fernando and Soul{\'e}, Robert},
  booktitle={Proceedings of the 1st ACM SIGCOMM Symposium on Software Defined Networking Research},
  pages={5},
  year={2015},
  organization={ACM}
}

@article{dang2016paxos,
  title={Paxos made switch-y},
  author={Dang, Huynh Tu and Canini, Marco and Pedone, Fernando and Soul{\'e}, Robert},
  journal={ACM SIGCOMM Computer Communication Review},
  volume={46},
  number={2},
  pages={18--24},
  year={2016},
  publisher={ACM}
}

@inproceedings{jin2017netcache,
  title={Netcache: Balancing key-value stores with fast in-network caching},
  author={Jin, Xin and Li, Xiaozhou and Zhang, Haoyu and Soul{\'e}, Robert and Lee, Jeongkeun and Foster, Nate and Kim, Changhoon and Stoica, Ion},
  booktitle={Proceedings of the 26th Symposium on Operating Systems Principles},
  pages={121--136},
  year={2017},
  organization={ACM}
}

@inproceedings{jin2018netchain,
  title={NetChain: Scale-Free Sub-RTT Coordination},
  author={Jin, Xin and Li, Xiaozhou and Zhang, Haoyu and Foster, Nate and Lee, Jeongkeun and Soul{\'e}, Robert and Kim, Changhoon and Stoica, Ion},
  booktitle={15th $\{$USENIX$\}$ Symposium on Networked Systems Design and Implementation ($\{$NSDI$\}$ 18)},
  year={2018},
  organization={USENIX}
}

@article{lamport2001paxos,
  title={Paxos made simple},
  author={Lamport, Leslie and others},
  journal={ACM Sigact News},
  volume={32},
  number={4},
  pages={18--25},
  year={2001}
}

@inproceedings{moshref2014flow,
  title={Flow-level state transition as a new switch primitive for SDN},
  author={Moshref, Masoud and Bhargava, Apoorv and Gupta, Adhip and Yu, Minlan and Govindan, Ramesh},
  booktitle={Proceedings of the third workshop on Hot topics in software defined networking},
  pages={61--66},
  year={2014},
  organization={ACM}
}

@article{bianchi2014openstate,
  title={OpenState: programming platform-independent stateful openflow applications inside the switch},
  author={Bianchi, Giuseppe and Bonola, Marco and Capone, Antonio and Cascone, Carmelo},
  journal={ACM SIGCOMM'14}},
  volume={44},
  number={2},
  pages={44--51},
  year={2014},
  publisher={ACM}
}

@inproceedings{anderson2014netkat,
  title={NetKAT: Semantic foundations for networks},
  author={Anderson, Carolyn Jane and Foster, Nate and Guha, Arjun and Jeannin, Jean-Baptiste and Kozen, Dexter and Schlesinger, Cole and Walker, David},
  booktitle={ACM SIGPLAN Notices},
  volume={49},
  number={1},
  pages={113--126},
  year={2014},
  organization={ACM}
}

@inproceedings{yuan2014netegg,
  title={NetEgg: Programming network policies by examples},
  author={Yuan, Yifei and Alur, Rajeev and Loo, Boon Thau},
  booktitle={Proceedings of the 13th ACM Workshop on Hot Topics in Networks},
  pages={20},
  year={2014},
  organization={ACM}
}

@inproceedings{rajagopalan2013split,
  title={Split/Merge: System Support for Elastic Execution in Virtual Middleboxes.},
  author={Rajagopalan, Shriram and Williams, Dan and Jamjoom, Hani and Warfield, Andrew},
  booktitle={NSDI},
  volume={13},
  pages={227--240},
  year={2013}
}

@inproceedings{swan,
	  title={Achieving high utilization with software-driven WAN},
	    author={Hong, Chi-Yao and Kandula, Srikanth and Mahajan, Ratul and
		    Zhang, Ming and Gill, Vijay and Nanduri, Mohan and
			    Wattenhofer, Roger},
	      booktitle={SIGCOMM'13}},
	        volume={43},
		  number={4},
		    pages={15--26},
		      year={2013},
		        organization={ACM}
}



@inproceedings{gember2014opennf,
  title={OpenNF: Enabling innovation in network function control},
  author={Gember-Jacobson, Aaron and Viswanathan, Raajay and Prakash, Chaithan and Grandl, Robert and Khalid, Junaid and Das, Sourav and Akella, Aditya},
  booktitle={ACM SIGCOMM Computer Communication Review},
  volume={44},
  number={4},
  pages={163--174},
  year={2014},
  organization={ACM}
}

@inproceedings{khalid2016paving,
  title={Paving the Way for NFV: Simplifying Middlebox Modifications Using StateAlyzr.},
  author={Khalid, Junaid and Gember-Jacobson, Aaron and Michael, Roney and Abhashkumar, Anubhavnidhi and Akella, Aditya},
  booktitle={NSDI},
  pages={239--253},
  year={2016}
}

@inproceedings{tariq2014pleroma,
  title={PLEROMA: A SDN-based high performance publish/subscribe middleware},
  author={Tariq, Muhammad Adnan and Koldehofe, Boris and Bhowmik, Sukanya and Rothermel, Kurt},
  booktitle={Proceedings of the 15th International Middleware Conference},
  pages={217--228},
  year={2014},
  organization={ACM}
}

@inproceedings{gao2018t,
  title={Trident: toward a unified SDN programming framework with automatic updates},
  author={Gao, Kai and Nojima, Taishi and Yang, Y Richard},
  booktitle={ACM SIGCOMM'18}},
  pages={386--401},
  year={2018},
  organization={ACM}
}

@inproceedings{heorhiadi2016simplifying,
  title={Simplifying Software-Defined Network Optimization Using SOL},
  author={Heorhiadi, Victor and Reiter, Michael K and Sekar, Vyas},
  booktitle={NSDI'16}},
  pages={223--237},
  year={2016}
}

@inproceedings{soule2014merlin,
  title={Merlin: A language for provisioning network resources},
  author={Soul{\'e}, Robert and Basu, Shrutarshi and Marandi, Parisa Jalili and Pedone, Fernando and Kleinberg, Robert and Sirer, Emin Gun and Foster, Nate},
  booktitle={ACM CoNEXT'14}},
  pages={213--226},
  year={2014},
  organization={ACM}
}

@article{gember2012stratos,
  title={Stratos: Virtual middleboxes as first-class entities},
  author={Gember, Aaron and Akella, Aditya and Anand, Ashok and Benson, Theophilus and Grandl, Robert},
  year={2012},
  publisher={University of Wisconsin-Madison Department of Computer Sciences}
}

@inproceedings{anwer2015programming,
  title={Programming slick network functions},
  author={Anwer, Bilal and Benson, Theophilus and Feamster, Nick and Levin, Dave},
  booktitle={SOSR'15}},
  pages={14},
  year={2015},
  organization={ACM}
}

@inproceedings{hinrichs2009practical,
  title={Practical declarative network management},
  author={Hinrichs, Timothy L and Gude, Natasha S and Casado, Martin and Mitchell, John C and Shenker, Scott},
  booktitle={Proceedings of the 1st ACM workshop on Research on enterprise networking}},
  pages={1--10},
  year={2009},
  organization={ACM}
}

@article{monsanto2012compiler,
  title={A compiler and run-time system for network programming languages},
  author={Monsanto, Christopher and Foster, Nate and Harrison, Rob and Walker, David},
  journal={ACM SIGPLAN Notices},
  volume={47},
  number={1},
  pages={217--230},
  year={2012},
  publisher={ACM}
}

@inproceedings{mcclurg2016event,
  title={Event-driven network programming},
  author={McClurg, Jedidiah and Hojjat, Hossein and Foster, Nate and {\v{C}}ern{\`y}, Pavol},
  booktitle={ACM SIGPLAN Notices},
  volume={51},
  number={6},
  pages={369--385},
  year={2016},
  organization={ACM}
}

@article{smolka2015fast,
  title={A fast compiler for NetKAT},
  author={Smolka, Steffen and Eliopoulos, Spiridon and Foster, Nate and Guha, Arjun},
  journal={ACM SIGPLAN Notices},
  volume={50},
  number={9},
  pages={328--341},
  year={2015},
  publisher={ACM}
}
