@inproceedings{grassi2014vanet,
  title={VANET via named data networking},
  author={Grassi, Gabriele and Pesavento, Davide and Pau, Giovanni and Vuyyuru, Rama and Wakikawa, Ryuji and Zhang, Lixia},
  booktitle={Proc. IEEE Computer Communications Workshops (INFOCOM WKSHPS)},
  pages={410--415},
  year={2014},
  address={Toronto, ONT, CA},
  organization={IEEE}
}

@inproceedings{chen2009mobtorrent,
  title={MobTorrent: A framework for mobile Internet access from vehicles},
  author={Chen, Bin Bin and Chan, Mun Choon},
  booktitle={Proc. IEEE INFOCOM 2009},
  pages={1404--1412},
  year={2009},
  address={Rio de Janeiro, Brazil},
  organization={IEEE}
}

@inproceedings{ott2005disconnection,
  title={A disconnection-tolerant transport for drive-thru internet environments},
  author={Ott, J{\"o}rg and Kutscher, Dirk},
  booktitle={Proc. IEEE INFOCOM 2005},
   pages={1849--1862},
  year={2005},
  address={Miami, FL, USA},
  organization={IEEE}
}

@inproceedings{balasubramanian2008interactive,
  title={Interactive wifi connectivity for moving vehicles},
  author={Balasubramanian, Aruna and Mahajan, Ratul and Venkataramani, Arun and Levine, Brian Neil and Zahorjan, John},
  booktitle={ACM SIGCOMM Computer Communication Review},
  volume={38},
  number={4},
  pages={427--438},
  year={2008},
  }

@article{joshi2011vehicular,
  title={{Vehicular wifi access and rate adaptation}},
  author={Joshi, Ajinkya Uday and Kulkarni, Purushottam},
  journal={ACM SIGCOMM Computer Communication Review},
  volume={41},
  number={4},
  pages={423--424},
  year={2011},
  }

@article{ernst2006information,
  title={{The information technology era of the vehicular industry}},
  author={Ernst, Thierry},
  journal={ACM SIGCOMM Computer Communication Review},
  volume={36},
  number={2},
  pages={49--52},
  year={2006},
 }

@inproceedings{hare2012policy,
  title={Policy-based network management for generalized vehicle-to-internet connectivity},
  author={Hare, Joshua and Hartung, Lance and Banerjee, Suman},
  booktitle={Proc. ACM SIGCOMM Workshop on Cellular Networks: Operations, Challenges, and Future Design},
  pages={37--42},
  year={2012},
  address={Helsinki, Finland},
  organization={ACM}
}

@inproceedings{NDN,
  title={{NDN}},
  publisher={http://named-data.net/},
}

@inproceedings{MobilityFirst,
  title={{MobilityFirst}},
  publisher={http://mobilityfirst.winlab.rutgers.edu/},
}

@inproceedings{NEBULA,
  title={{NEBULA}},
  publisher={http://nebula-fia.org/},
}

@inproceedings{XIA,
  title={{XIA}},
  publisher={http://www.cs.cmu.edu/\texttildelow xia/},
}

@inproceedings{CVIS,
  title={{CVIS}},
  publisher={http://www.cvisproject.org/},
}

@inproceedings{mininet,
  title={Mininet},
  publisher={http://mininet.org/},
}

@inproceedings{Floodlight,
  title={Floodlight},
  publisher={http://www.projectfloodlight.org/floodlight/},
}

@inproceedings{xu2011utilizing,
  title={Utilizing shared vehicle trajectories for data forwarding in vehicular networks},
  author={Xu, Fulong and Guo, Shuo and Jeong, Jaehoon and Gu, Yu and Cao, Qing and Liu, Ming and He, Tian},
  booktitle={Proc. IEEE INFOCOM 2011},
  pages={441--445},
  year={2011},
  address={Shanghai, China},
  organization={IEEE}
}

@inproceedings{leontiadis2010extending,
  title={Extending access point connectivity through opportunistic routing in vehicular networks},
  author={Leontiadis, Ilias and Costa, Paolo and Mascolo, Cecilia},
  booktitle={Proc. IEEE INFOCOM 2010},
  pages={1--5},
  year={2010},
  organization={IEEE}
}

@inproceedings{zhu2013zoom,
  title={Zoom: Scaling the mobility for fast opportunistic forwarding in vehicular networks},
  author={Zhu, Hongzi and Dong, Mianxiong and Chang, Shan and Zhu, Yanmin and Li, Minglu and Shen, Xuemin},
  booktitle={Proc. IEEE INFOCOM 2013},
  pages={2832--2840},
  year={2013},
  organization={IEEE}
}
@inproceedings{malandrino2011content,
  title={Content downloading in vehicular networks: What really matters},
  author={Malandrino, Francesco and Casetti, Claudio and Chiasserini, Carla-Fabiana and Fiore, Marco},
  booktitle={Proc. IEEE INFOCOM 2011},
  pages={426--430},
  year={2011},
  address={Shanghai, China},
  organization={IEEE}
}

@inproceedings{zhang2014geomob,
  title={GeoMob: A mobility-aware geocast scheme in metropolitans via taxicabs and buses},
  author={Zhang, Lei and Yu, Boyang and Pan, Jianping},
  booktitle={Proc. IEEE INFOCOM 2014},
  pages={1279--1787},
  year={2014},
  address={Toronto, ONT, CA},
  organization={IEEE}
}
@inproceedings{subramanian2008drive,
  title={Drive-by localization of roadside WiFi networks},
  author={Subramanian, Anand Prabhu and Deshpande, Paru and Gaojgao, Jie and Das, Sunil R},
  booktitle={Proc. IEEE INFOCOM 2008},
  year={2008},
  address={Phoenix, AZ, USA},
  organization={IEEE}
}

@inproceedings{ahn2012risa,
  title={Risa: Distributed road information sharing architecture},
  author={Ahn, Joon and Wang, Yi and Yu, Bo and Bai, Fan and Krishnamachari, Bhaskar},
  booktitle={Proc. IEEE INFOCOM 2012},
  pages={1494--1502},
  year={2012},
  address={Orlando, FL, USA},
  organization={IEEE}
}

@inproceedings{xing2013approaching,
  title={Approaching reliable realtime communications? A novel system design and implementation for roadway safety oriented vehicular communications},
  author={Xing, Kai and Gu, Tianbo and Zhao, Zhengang and Shi, Lei and Liu, Yunhao and Hu, Pengfei and Wang, Yuepeng and Liang, Yi and Zhang, Shuo and Wang, Yang and others},
  booktitle={Proc. IEEE INFOCOM 2013},
  pages={115--119},
  year={2013},
  address={Turin, Italy},
  organization={IEEE}
}
@inproceedings{li2013horizon,
  title={Horizon on the move: Geocast in intermittently connected vehicular ad hoc networks},
  author={Li, Yujin and Wang, Wenye},
  booktitle={Proc. IEEE INFOCOM 2013},
  pages={2553--2561},
  year={2013},
  address={Turin, Italy},
  organization={IEEE}
}
@inproceedings{liu2010assessing,
  title={Assessing the VANET's local information storage capability under different traffic mobility},
  author={Liu, Bojin and Khorashadi, Behrooz and Ghosal, Dipak and Chuah, Chen-Nee and Zhang, Michael H},
  booktitle={Proc. IEEE INFOCOM 2010},
  pages={1--5},
  year={2010},
  address={San Diego, CA, USA},
  organization={IEEE}
}

@inproceedings{kanizo2013palette,
  title={Palette: Distributing tables in software-defined networks},
  author={Kanizo, Yossi and Hay, David and Keslassy, Isaac},
  booktitle={Proc. IEEE INFOCOM 2013},
  pages={545--549},
  year={2013},
  address={Turin, Italy},
  organization={IEEE}
}
@inproceedings{yap2010blueprint,
  title={Blueprint for introducing innovation into wireless mobile networks},
  author={Yap, Kok-Kiong and Sherwood, Rob and Kobayashi, Masayoshi and Huang, Te-Yuan and Chan, Michael and Handigol, Nikhil and McKeown, Nick and Parulkar, Guru},
  booktitle={Proc. The Second ACM SIGCOMM Workshop on Virtualized Infrastructure Systems and Architectures},
  pages={25--32},
  year={2010},
  address={New Delhi, India},
  organization={ACM}
}
@article{mckeown2008openflow,
  title={{OpenFlow: enabling innovation in campus networks}},
  author={McKeown, Nick and Anderson, Tom and Balakrishnan, Hari and Parulkar, Guru and Peterson, Larry and Rexford, Jennifer and Shenker, Scott and Turner, Jonathan},
  journal={ACM SIGCOMM Computer Communication Review},
  volume={38},
  number={2},
  pages={69--74},
  year={2008},
  }

@inproceedings{voellmy2013maple,
  title={Maple: Simplifying SDN programming using algorithmic policies},
  author={Voellmy, Andreas and Wang, Junchang and Yang, Y Richard and Ford, Bryan and Hudak, Paul},
  booktitle={ACM SIGCOMM Computer Communication Review},
  volume={43},
  number={4},
  pages={87--98},
  year={2013},
  }
@article{kim2013improving,
  title={Improving network management with software defined networking},
  author={Kim, Hyojoon and Feamster, Nick},
  journal={IEEE Communications Magazine},
  volume={51},
  number={2},
  pages={114--119},
  year={2013},
  publisher={IEEE}
}

@inproceedings{hong2013achieving,
  title={Achieving high utilization with software-driven WAN},
  author={Hong, Chi-Yao and Kandula, Srikanth and Mahajan, Ratul and Zhang, Ming and Gill, Vijay and Nanduri, Mohan and Wattenhofer, Roger},
  booktitle={ACM SIGCOMM Computer Communication Review},
  volume={43},
  number={4},
  pages={15--26},
  year={2013},
  }
@inproceedings{jain2013b4,
  title={B4: Experience with a globally-deployed software defined WAN},
  author={Jain, Sushant and Kumar, Alok and Mandal, Subhasree and Ong, Joon and Poutievski, Leon and Singh, Arjun and Venkata, Subbaiah and Wanderer, Jim and Zhou, Junlan and Zhu, Min and others},
  booktitle={ACM SIGCOMM Computer Communication Review},
  volume={43},
  number={4},
  pages={3--14},
  year={2013},
  }

@inproceedings{danna2012practical,
  title={A practical algorithm for balancing the max-min fairness and throughput objectives in traffic engineering},
  author={Danna, Emilie and Mandal, Subhasree and Singh, Arjun},
  booktitle={Proc. IEEE INFOCOM 2012},
  pages={846--854},
  year={2012},
  address={Orlando, FL, USA},
  organization={IEEE}
}

@article{makino2005smartway,
  title={Smartway project},
  author={Makino, Hiroshi},
  journal={Development},
  volume={2005},
  year={2005}
}

@inproceedings{ONF,
  title={{Open Networking Foundation}},
  publisher={https://www.opennetworking.org/},
}

@misc{shanghai,
address={{https://www.dropbox.com/s/xbx0iw954a9m7kk/Shanghai\%20taxi\%20data-08.zip}},
}

@article{cheng2015its,
  title={Routing in Internet of Vehicles: A Review},
  author={J. Cheng and J. L. Cheng and M. C. Zhou and Q. Zhang and C. Yan and Y. Yang and C. Liu},
  journal={IEEE Transactions on Intelligent Transportation Systems},
  volume={16},
  number={5},
  pages={2339--2352},
  year={2015},
  publisher={IEEE}
}

@article{du2015information,
  title={Information Dissemination Delay in Vehicle-to-Vehicle Communication Networks in a Traffic Stream},
  author={Du, Lili and Dao, Hoang},
  journal={IEEE Transactions  on Intelligent Transportation Systems},
  volume={16},
  number={1},
  pages={66--80},
  year={2015},
  publisher={IEEE}
}

@article{abadi2015traffic,
  title={Traffic flow prediction for road transportation networks with limited traffic data},
  author={Abadi, Afshin and Rajabioun, Tooraj and Ioannou, Petros and others},
  journal={IEEE Transactions on Intelligent Transportation Systems},
  volume={16},
  number={2},
  pages={653--662},
  year={2015},
  publisher={IEEE}
}

@article{sahu2015bang,
  title={BAHG: Back-Bone-Assisted Hop Greedy Routing for VANET's City Environments},
  author={PK Sahu and HK Wu and J Sahoo and M Gerla},
  journal={IEEE Transactions on Intelligent Transportation Systems},
  volume={14},
  number={1},
  pages={199--213},
  year={2013},
  publisher={IEEE}
}

@article{wu2013improving,
  title={Improving accuracy of the vehicle attitude estimation for low-cost INS/GPS integration aided by the GPS-measured course angle},
  author={Wu, Zhisheng and Yao, Minli and Ma, Hui and Jia, Weihua},
  journal={IEEE Transactions on Intelligent Transportation Systems},
  volume={14},
  number={2},
  pages={553--564},
  year={2013},
  publisher={IEEE}
}

@article{nzouonta2009vanet,
  title={VANET routing on city roads using real-time vehicular traffic information},
  author={Nzouonta, Josiane and Rajgure, Neeraj and Wang, Guiling and Borcea, Cristian},
  journal={IEEE Transactions on Vehicular Technology},
  volume={58},
  number={7},
  pages={3609--3626},
  year={2009},
  publisher={IEEE}
}

@article{calafate2012efficient,
  title={An efficient and robust content delivery solution for IEEE 802.11 p vehicular environments},
  author={Calafate, Carlos T and Fortino, Giancarlo and Fritsch, Sascha and Monteiro, Janio and Cano, Juan-Carlos and Manzoni, Pietro},
  journal={Journal of Network and Computer Applications},
  volume={35},
  number={2},
  pages={753--762},
  year={2012},
  publisher={Elsevier}
}
